<?xml version="1.0" encoding="UTF-8"?><record xmlns="http://www.loc.gov/MARC21/slim" xmlns:cinclude="http://apache.org/cocoon/include/1.0" xmlns:zs="http://www.loc.gov/zing/srw/">
  <leader>00429cz  a2200121n  4500</leader>
  <controlfield tag="001">n  88172027 </controlfield>
  <controlfield tag="003">DLC</controlfield>
  <controlfield tag="005">19891104073414.4</controlfield>
  <controlfield tag="008">890929n| acannaab|          |n ana |||  </controlfield>
  <datafield tag="010" ind1=" " ind2=" ">
    <subfield code="a">n  88172027 </subfield>
  </datafield>
  <datafield tag="040" ind1=" " ind2=" ">
    <subfield code="a">DLC</subfield>
    <subfield code="c">DLC</subfield>
  </datafield>
  <datafield tag="110" ind1="2" ind2="0">
    <subfield code="a">Lincoln General Hospital.</subfield>
    <subfield code="b">Education and Staff Development</subfield>
  </datafield>
  <datafield tag="670" ind1=" " ind2=" ">
    <subfield code="a">Data from AIMS Media for Radiation therapy--rays of hope [VR] 1988, c1985</subfield>
    <subfield code="b">(Lincoln General Hospital, Education and Staff Development)</subfield>
  </datafield>
</record>